<?xml version = "1.0" encoding = "UTF-8"?><OAI-PMH xmlns="http://www.openarchives.org/OAI/2.0/" xmlns:xsi="http://www.w3.org/2001/XMLSchema-instance" xsi:schemaLocation="http://www.openarchives.org/OAI/2.0/ http://www.openarchives.org/OAI/2.0/OAI-PMH.xsd"><ListRecords><record><header><identifier>aleph-publish:017741866</identifier></header><metadata><record xmlns="http://www.ddb.de/professionell/mabxml/mabxml-1.xsd"><leader>00000nM2.01200024------h</leader><controlfield tag="LDR">00000nM2.01200024------h</controlfield><controlfield tag="FMT">MH</controlfield><datafield tag="001" ind1="-" ind2="1"><subfield code="a">TT050372336</subfield></datafield><datafield tag="002" ind1="a" ind2="1"><subfield code="a">20091118</subfield></datafield><datafield tag="003" ind1="-" ind2="1"><subfield code="a">20110324</subfield></datafield><datafield tag="020" ind1="b" ind2="1"><subfield code="a">NLM003558266</subfield><subfield code="b">GBV-NLZ</subfield></datafield><datafield tag="025" ind1="o" ind2="1"><subfield code="a">838434577</subfield></datafield><datafield tag="025" ind1="-" ind2="1"><subfield code="a">walburg126973105</subfield></datafield><datafield tag="026" ind1="-" ind2="1"><subfield code="a">GBVNLM003558266</subfield></datafield><datafield tag="026" ind1="h" ind2="1"><subfield code="a">NLM003558266</subfield></datafield><controlfield tag="030">e|1u|||z|0017</controlfield><datafield tag="037" ind1="b" ind2="1"><subfield code="a">ger</subfield></datafield><controlfield tag="050">||||||||g|||||</controlfield><controlfield tag="051">m|||||||</controlfield><datafield tag="070" ind1="-" ind2="1"><subfield code="a">GBV</subfield></datafield><datafield tag="070" ind1="a" ind2="1"><subfield code="a">GBV</subfield></datafield><datafield tag="078" ind1="e" ind2="1"><subfield code="a">ZDB-1-MYA</subfield><subfield code="a">NLZ</subfield></datafield><datafield tag="100" ind1="-" ind2="1"><subfield code="a">Nütten, Jacob</subfield></datafield><datafield tag="331" ind1="a" ind2="1"><subfield code="a">Vollkommene Lebens-Art einer gottliebenden Seel</subfield></datafield><datafield tag="334" ind1="-" ind2="1"><subfield code="a">Elektronische Ressource</subfield></datafield><datafield tag="335" ind1="a" ind2="1"><subfield code="a">worin sie unter d. Nahmen Hagiophilae angeführet wird, ihr tägl. Leben nach gegründeter Vollkommenheit einzurichten ..</subfield></datafield><datafield tag="359" ind1="-" ind2="1"><subfield code="a">verf. von Jacobo Nütten</subfield></datafield><datafield tag="403" ind1="-" ind2="1"><subfield code="a">3. Dr., verm. u. außgebessert</subfield></datafield><datafield tag="410" ind1="-" ind2="1"><subfield code="a">Cöllen am Rhein</subfield></datafield><datafield tag="412" ind1="-" ind2="1"><subfield code="a">Horst</subfield></datafield><datafield tag="425" ind1="a" ind2="1"><subfield code="a">1757</subfield></datafield><datafield tag="433" ind1="-" ind2="1"><subfield code="a">[10], 388 S.</subfield></datafield><datafield tag="611" ind1="-" ind2="1"><subfield code="a">Ballinlough, Ireland</subfield></datafield><datafield tag="613" ind1="-" ind2="1"><subfield code="a">Belser Wiss. Dienst</subfield></datafield><datafield tag="619" ind1="a" ind2="1"><subfield code="a">2004</subfield></datafield><datafield tag="621" ind1="b" ind2="1"><subfield code="a">Mystik &amp; Aszese (Spiritualität) des 16. - 19. Jahrhunderts</subfield></datafield><datafield tag="622" ind1="z" ind2="1"><subfield code="a">22803476</subfield></datafield><datafield tag="634" ind1="a" ind2="1"><subfield code="a">3-628-74817-8</subfield></datafield><datafield tag="652" ind1="a" ind2="1"><subfield code="a">Online-Ressource</subfield></datafield><datafield tag="655" ind1="-" ind2="1"><subfield code="u">http://www.gbv.de/dms/belser/aszese/74817-1.pdf</subfield></datafield><datafield tag="655" ind1="-" ind2="1"><subfield code="u">http://www.gbv.de/dms/belser/aszese/74817-2.pdf</subfield></datafield><datafield tag="655" ind1="-" ind2="1"><subfield code="u">http://www.gbv.de/dms/belser/aszese/74817-3.pdf</subfield></datafield><datafield tag="655" ind1="-" ind2="1"><subfield code="u">http://www.gbv.de/dms/belser/aszese/74817-4.pdf</subfield></datafield><datafield tag="655" ind1="-" ind2="1"><subfield code="u">http://www.gbv.de/dms/belser/aszese/74817-5.pdf</subfield></datafield><datafield tag="659" ind1="-" ind2="1"><subfield code="a">Sofern kein Zugang über ein Universitätsnetz zur Verfügung steht, kann eine Registrierung zur kostenlosen Nutzung erfolgen: http://www.nationallizenzen.de</subfield></datafield><datafield tag="710" ind1="-" ind2="1"><subfield code="a">Glaubensleben</subfield></datafield><datafield tag="710" ind1="-" ind2="1"><subfield code="a">Spiritualität</subfield></datafield><controlfield tag="SYS">017741866</controlfield><datafield tag="LOW" ind1="-" ind2="1"><subfield code="a">B0001</subfield></datafield><datafield tag="LOW" ind1="-" ind2="1"><subfield code="a">C0001</subfield></datafield><datafield tag="LOW" ind1="-" ind2="1"><subfield code="a">M0001</subfield></datafield><datafield tag="LOW" ind1="-" ind2="1"><subfield code="a">Q0001</subfield></datafield><datafield tag="LOW" ind1="-" ind2="1"><subfield code="a">R0001</subfield></datafield><datafield tag="LOW" ind1="-" ind2="1"><subfield code="a">X5001</subfield></datafield><datafield tag="LAL" ind1="-" ind2="1"><subfield code="a">DUE</subfield><subfield code="b">X0001</subfield></datafield><datafield tag="LAL" ind1="-" ind2="1"><subfield code="a">EDK</subfield><subfield code="b">ED001</subfield></datafield><datafield tag="LAL" ind1="-" ind2="1"><subfield code="a">FUH</subfield><subfield code="b">F0001</subfield></datafield><datafield tag="LAL" ind1="-" ind2="1"><subfield code="a">PAD</subfield><subfield code="b">P0001</subfield></datafield><datafield tag="LAL" ind1="-" ind2="1"><subfield code="a">PTR</subfield><subfield code="b">T0006</subfield></datafield><datafield tag="LAL" ind1="-" ind2="1"><subfield code="a">SIE</subfield><subfield code="b">S0001</subfield></datafield><datafield tag="LAL" ind1="-" ind2="1"><subfield code="a">TRI</subfield><subfield code="b">T0011</subfield></datafield><datafield tag="LAL" ind1="-" ind2="1"><subfield code="a">WUP</subfield><subfield code="b">W0001</subfield></datafield><datafield tag="088" ind1=" " ind2=" "><subfield code="a">294</subfield></datafield><datafield tag="088" ind1=" " ind2=" "><subfield code="a">361</subfield></datafield><datafield tag="088" ind1=" " ind2=" "><subfield code="a">Kn 28</subfield></datafield><datafield tag="088" ind1=" " ind2=" "><subfield code="a">708</subfield></datafield><datafield tag="088" ind1=" " ind2=" "><subfield code="a">6</subfield></datafield><datafield tag="088" ind1=" " ind2=" "><subfield code="a">466</subfield></datafield><datafield tag="088" ind1=" " ind2=" "><subfield code="a">5</subfield></datafield><datafield tag="088" ind1=" " ind2=" "><subfield code="a">929</subfield></datafield><datafield tag="088" ind1=" " ind2=" "><subfield code="a">467</subfield></datafield><datafield tag="088" ind1=" " ind2=" "><subfield code="a">Tr 2</subfield></datafield><datafield tag="088" ind1=" " ind2=" "><subfield code="a">385</subfield></datafield><datafield tag="088" ind1=" " ind2=" "><subfield code="a">468</subfield></datafield><datafield tag="088" ind1=" " ind2=" "><subfield code="a">61</subfield></datafield><datafield tag="088" ind1=" " ind2=" "><subfield code="a">Dü 62</subfield></datafield><datafield tag="EB1" ind1=" " ind2="9"><subfield code="a">eb1</subfield><subfield code="2">B0001</subfield></datafield><datafield tag="EB1" ind1=" " ind2="9"><subfield code="a">eb1</subfield><subfield code="2">C0001</subfield></datafield><datafield tag="EB1" ind1=" " ind2="9"><subfield code="a">eb1</subfield><subfield code="2">ED001</subfield></datafield><datafield tag="EB1" ind1=" " ind2="9"><subfield code="a">eb1</subfield><subfield code="2">F0001</subfield></datafield><datafield tag="EB1" ind1=" " ind2="9"><subfield code="a">eb1</subfield><subfield code="2">M0001</subfield></datafield><datafield tag="EB1" ind1=" " ind2="9"><subfield code="a">eb1</subfield><subfield code="2">P0001</subfield></datafield><datafield tag="EB1" ind1=" " ind2="9"><subfield code="a">eb1</subfield><subfield code="2">Q0001</subfield></datafield><datafield tag="EB1" ind1=" " ind2="9"><subfield code="a">eb1</subfield><subfield code="2">R0001</subfield></datafield><datafield tag="EB1" ind1=" " ind2="9"><subfield code="a">eb1</subfield><subfield code="2">S0001</subfield></datafield><datafield tag="EB1" ind1=" " ind2="9"><subfield code="a">eb1</subfield><subfield code="2">T0006</subfield></datafield><datafield tag="EB1" ind1=" " ind2="9"><subfield code="a">eb1</subfield><subfield code="2">T0011</subfield></datafield><datafield tag="EB1" ind1=" " ind2="9"><subfield code="a">eb1</subfield><subfield code="2">W0001</subfield></datafield><datafield tag="EB1" ind1=" " ind2="9"><subfield code="a">eb1</subfield><subfield code="2">X0001</subfield></datafield><datafield tag="EB1" ind1=" " ind2="9"><subfield code="a">eb1</subfield><subfield code="2">X5001</subfield></datafield></record></metadata></record></ListRecords></OAI-PMH>